@article{Penrose_1955, title={A generalized inverse for matrices}, volume={51}, DOI={10.1017/S0305004100030401}, number={3}, journal={Mathematical Proceedings of the Cambridge Philosophical Society}, author={Penrose, R.}, year={1955}, pages={406–413}}

@book{Searle_Khuri_2017, place={Hoboken, NJ}, title={Matrix algebra useful for Statistics}, publisher={Wiley}, author={Searle, Shayle R. and Khuri, André I.}, year={2017}}

@book{Chen_2014, place={New York, NY}, title={Linear System Theory and design}, publisher={Oxford university press}, author={Chen, Chi-Tsong}, year={2014}}
